@article{bnsBasics,
 author = "Ben-Gal I.",
 title = "Bayesian Networks",
 journal = "Encyclopedia of Statistics in Quality and Reliability",
 year = "2007",
 DOI = "http://www.eng.tau.ac.il/~bengal/BN.pdf"
}

@article{baggedBS1,
	author = "room BM, Do KA, Subramanian D",
	title = "Model averaging strategies for structure learning in Bayesian
	networks with limited data",
	journal = "BMC Bioinformatics",
	number = "13",
	year = "2012",
	DOI = "https://www.ncbi.nlm.nih.gov/pmc/articles/PMC3426799/"
}

@article{bnsTechniques,
	author = "Marco Scutari",
	title = "Learning Bayesian Networks with thebnlearnRPackage",
	journal = "Journal of Statistical Software",
	year = "2009",
	DOI = "https://arxiv.org/pdf/0908.3817.pdf"
}

@unpublished{Lecture5,
  Author = {Marco Grzegorczyk},
  Institution = {Groningen University},
  Howpublished = {University Lecture},
  Year = {2019},
  Title = {Statistical Genomics-Lecture 5 BGE Score}
}

